@misc{nist800-61,
  title={{NIST} {S}pecial {P}ublication 800-61: {C}omputer {S}ecurity {I}ncident {H}andling {G}uide},
  author={Paul Cichonski and Tom Millar and Tim Grance and Karen Scarfone},
  year={2011},
  publisher={January},
  note = {Revision 2}
}

@misc{SANShandbook,
	author = {Patrick Kral},
	title = {Incident {H}andler's {H}andbook},
	howpublished = {SANS Institute Information Security Reading Room},
	month = {December},
	year = 2011
}